@ARTICLE{1055985,
  author={Lovasz, L.},
  journal={IEEE Transactions on Information Theory}, 
  title={On the Shannon capacity of a graph}, 
  year={1979},
  volume={25},
  number={1},
  pages={1-7},
  keywords={},
  doi={10.1109/TIT.1979.1055985}}

@misc{karger1998approximategraphcoloringsemidefinite,
      title={Approximate Graph Coloring by Semidefinite Programming}, 
      author={David Karger and Rajeev Motwani and Madhu Sudan},
      year={1998},
      eprint={cs/9812008},
      archivePrefix={arXiv},
      primaryClass={cs.DS},
      url={https://arxiv.org/abs/cs/9812008}, 
}